@book{hoffman2007banach,
  title={Banach spaces of analytic functions},
  author={Hoffman, Kenneth},
  year={2007},
  publisher={Courier Corporation}
}

@book{mashreghi2009representation,
  title={Representation theorems in Hardy spaces},
  author={Mashreghi, Javad},
  volume={74},
  year={2009},
  publisher={Cambridge University Press}
}
@book{ash2014complex,
  title={Complex variables},
  author={Ash, Robert B},
  year={2014},
  publisher={Academic Press}
}

@book{cohn2013measure,
  title={Measure theory},
  author={Cohn, Donald L},
  volume={1},
  year={2013},
  publisher={Springer}
}

@article{hardy1915mean,
  title={The mean value of the modulus of an analytic function},
  author={Hardy, Godfrey H},
  journal={Proceedings of the London Mathemathical Society},
  volume={2},
  number={1},
  pages={269--277},
  year={1915},
  publisher={Oxford University Press}
}
@article{fatou1906series,
  title={S{\'e}ries trigonom{\'e}triques et s{\'e}ries de Taylor},
  author={Fatou, Pierre},
  journal={Acta mathematica},
  volume={30},
  number={1},
  pages={335--400},
  year={1906},
  publisher={Springer}
}


@article{riesz1923randwerte,
  title={{\"U}ber die Randwerte einer analytischen Funktion},
  author={Riesz, Freidrich},
  journal={Mathematische Zeitschrift},
  volume={18},
  number={1},
  pages={87--95},
  year={1923},
  publisher={Springer}
}
@article{beurling1949two,
  title={On two problems concerning linear transformations in Hilbert space},
  author={Beurling, Arne},
  year={1949}
}
@article{herglotz1911uber,
  title={Uber potenzreihen mit positivem, reelen teil im einheitskreis},
  author={Herglotz, Gustav},
  journal={Ber. Verhandl. Sachs Akad. Wiss. Leipzig, Math.-Phys. Kl.},
  volume={63},
  pages={501--511},
  year={1911}
}
@article{blaschke1915erweiterung,
  title={Eine erweiterung des satzes von vitali {\"u}ber folgen analytischer funktionen},
  author={Blaschke, Wilhelm},
  journal={Leipzig Ber},
  volume={67},
  pages={194--200},
  year={1915}
}

